<?xml version="1.0" encoding="UTF-8"?><collection xmlns="http://www.loc.gov/MARC21/slim"><record><leader>00356nam--2200121-i-4500</leader><controlfield tag="001">000036050</controlfield><controlfield tag="002">20161230</controlfield><controlfield tag="005">20161230201040</controlfield><controlfield tag="008">060222s1000------------r-----000-0-eng-d</controlfield><datafield ind1=" " ind2=" " tag="080"><subfield code="a">621.039:539.1.07:539.1(083.7)</subfield></datafield><datafield ind1=" " ind2=" " tag="245"><subfield code="a">Nuclear ieee standards</subfield></datafield><datafield ind1=" " ind2=" " tag="260"><subfield code="a">New York, Institute Of Electrical And Electronics Engineers, Inc., 1978. / P. Dif. </subfield></datafield><datafield ind1=" " ind2=" " tag="852"><subfield code="a">47260</subfield></datafield></record></collection>